<record xmlns:xsi="http://www.w3.org/2001/XMLSchema-instance" xmlns="http://www.loc.gov/MARC21/slim" xsi:schemaLocation="http://www.loc.gov/MARC21/slim http://www.loc.gov/standards/marcxml/schema/MARC21slim.xsd">

  <leader>00507nam a2200145Ia 4500</leader>
  <datafield ind2=" " tag="999" ind1=" ">
    <subfield code="c">1392</subfield>
    <subfield code="d">1392</subfield>
  </datafield>
  <controlfield tag="008">170705b1999    pn ||||| |||| 00| | spa d</controlfield>
  <datafield ind1=" " ind2=" " tag="090">
    <subfield code="a">06.01.01 </subfield>
    <subfield code="b">1658</subfield>
  </datafield>
  <datafield ind2=" " tag="110" ind1="2">
    <subfield code="a">Dirección de Estadística y Censo de la República de Panamá</subfield>
    <subfield code="9">2983</subfield>
  </datafield>
  <datafield ind2="0" tag="245" ind1="1">
    <subfield code="a">Estadística Panameña: situación cultural: educación año 1999</subfield>
  </datafield>
  <datafield tag="260" ind2=" " ind1=" ">
    <subfield code="a">Panamá : </subfield>
    <subfield code="b">Dirección de Estadística y Censo, </subfield>
    <subfield code="c">1999</subfield>
  </datafield>
  <datafield ind1=" " tag="300" ind2=" ">
    <subfield code="a">133 páginas</subfield>
  </datafield>
  <datafield ind2="4" tag="650" ind1="1">
    <subfield code="a">ESTADISTICAS DE LA EDUCACION </subfield>
    <subfield code="9">586</subfield>
  </datafield>
  <datafield ind2="4" tag="651" ind1=" ">
    <subfield code="9">491</subfield>
    <subfield code="a">PANAMÁ</subfield>
  </datafield>
  <datafield ind1=" " ind2=" " tag="942">
    <subfield code="2">z</subfield>
    <subfield code="c">01</subfield>
  </datafield>
</record>